%%
%% React docs
%%

@online{reactdocsjsx,
    title={Introducing JSX},
    author={{Meta Platforms Inc.}},
    url="https://reactjs.org/docs/introducing-jsx.html",
    year = {2022},
    addendum = "(viitattu: 03.03.2022)"
}

@online{reactdocsjsxindepth,
    title={JSX In Depth},
    author={{Meta Platforms Inc.}},
    url="https://reactjs.org/docs/jsx-in-depth.html",
    year = {2022},
    addendum = "(viitattu: 11.03.2022)"
}

@online{reactdocscomponents,
    title={Components and Props},
    author={{Meta Platforms Inc.}},
    url="https://reactjs.org/docs/components-and-props.html",
    year = {2022},
    addendum = "(viitattu: 03.03.2022)"
}

@online{reactdocsstate,
    title={State and Lifecycle},
    author={{Meta Platforms Inc.}},
    url="https://reactjs.org/docs/state-and-lifecycle.html",
    year = {2022},
    addendum = "(viitattu: 03.03.2022)"
}

@online{reactdocswithoutjsx,
    title={React Without JSX},
    author={{Meta Platforms Inc.}},
    url="https://reactjs.org/docs/react-without-jsx.html",
    year = {2022},
    addendum = "(viitattu: 11.03.2022)"
}

@online{reactdocsteam,
    title={Team},
    author={{Meta Platforms Inc.}},
    url="https://reactjs.org/community/team.html",
    year = {2022},
    addendum = "(viitattu: 11.03.2022)"
}

@online{reactdocshooks,
    title={Introducing Hooks},
    author={{Meta Platforms Inc.}},
    url="https://reactjs.org/docs/hooks-intro.html",
    year = {2022},
    addendum = "(viitattu: 11.03.2022)"
}

@online{reactdocsreactcomponent,
    title={React.Component},
    author={{Meta Platforms Inc.}},
    url="https://reactjs.org/docs/react-component.html",
    year = {2022},
    addendum = "(viitattu: 11.03.2022)"
}

@online{reactdocsrender,
    title={Rendering Elements},
    author = {{Meta Platforms Inc.}},
    url = "https://reactjs.org/docs/rendering-elements.html",
    year = {2022},
    addendum = "(viitattu: 11.03.2022)"
}

@online{reactdocscomposition,
    title = {Composition vs Inheritance},
    author = {{Meta Platforms Inc.}},
    url = "https://reactjs.org/docs/composition-vs-inheritance.html",
    year = {2022},
    addendum = "(viitattu 05.04.2022)"
}

@online{reactdocsliftingstate,
    title = {Lifting State Up},
    author = {{Meta Platforms Inc.}},
    url = "https://reactjs.org/docs/lifting-state-up.html",
    year = {2022},
    addendum = "(viitattu 05.04.2022)"
}

@online{reactdocshooksapi,
    title = {Hooks API Reference},
    author = {{Meta Platforms Inc.}},
    url = "https://reactjs.org/docs/hooks-reference.html",
    year = {2022},
    addendum = "(viitattu 10.04.2022)"
}

@online{reactdocsusecontext,
    title = {useContext},
    author = {{Meta Platforms Inc.}},
    url="https://reactjs.org/docs/hooks-reference.html#usecontext",
    year = {2022},
    addendum = "(viitattu 16.04.2022)"
}

@online{reactdocscontext,
    title = {Context},
    author = {{Meta Platforms Inc.}},
    url="https://reactjs.org/docs/context.html",
    year = {2022},
    addendum = "(viitattu 16.04.2022)"
}

%%
%% Books
%%

@book{reactbyexample,
    title = {ReactJS by Example - Building Modern Web Applications with React},
    author = {Vipul, AM and Prathamesh, Sonpatki},
    isbn = {9781785289644},
    year = {2016},
    publisher = {Packt Publishing Ltd}
}

@book{reactessentials,
    title={React.js Essentials - A fast-paced guide to designing and building scalable and maintainable web apps with React.js},
    author = {Fedosejev, Artemij},
    isbn = {978-1-78355-162-0},
    year = {2015},
    publisher = {Packt Publishing Ltd}
}

@book{reactandnative,
    title={React and React Native},
    edition={Third},
    author={Boduch, Adam and Derks, Roy},
    year={2020},
    publisher = {Packt Publishing Ltd},
    isbn = {978-1-83921-114-0}
}

@book{dry2,
    author={Sarcar, Vaskaran},
    title="Use the DRY Principle",
    bookTitle="Simple and Efficient Programming with C{\#} : Skills to Build Applications with Visual Studio and .NET",
    year="2021",
    publisher="Apress",
    address="Berkeley, CA",
    pages="109--128",
    abstract="The DRY principle is another important principle that a professional coder must follow when he writes a piece of code for an application. The SRP and OCP principles that you learned in Chapter 4are related to the DRY principle. We came to know about this principle from Andy Hunt and Dave Thomas in their famous book, The Pragmatic Programmer. In this book, the DRY principle is stated as follows:",
    isbn="978-1-4842-7322-7",
    doi="10.1007/978-1-4842-7322-7_5",
    url="https://doi.org/10.1007/978-1-4842-7322-7_5"
}

@book{flux,
    author={Boduch, Adam},
    title={Flux Architecture},
    year={2016},
    publisher={Packt Publishing Ltd},
    pages={1--15},
    isbn={978-1-78646-581-8}
}

@book{learningredux,
  title={Learning Redux},
  author={Bugl, Daniel},
  year={2017},
  publisher={Packt Publishing Ltd},
  isbn={978-1-78646-239-8}
}

@book{learningreact,
    title={Learning React},
    author={Banks, Alex and Porcello, Eve},
    year={2017},
    publisher={O'Reilly Media, Inc},
    isbn={978-1-491-95462-1}
}

@book{proreact,
    title={Pro React 16},
    author={Freeman, Adam},
    year={2019},
    publisher={Apress},
    isbn={978-1-4842-4451-7}
}

@book{buglreacthooks,
    title={React Hooks},
    author={Bugl, Daniel},
    year={2019},
    publisher={Packt Publishing Ltd.},
    isbn={978-1-83864-144-3}
}

%%
%% Articles
%%

@article{rawatmahajan,
    title = {ReactJS: A Modern Web Development Framework},
    author = {Prateek, Rawat and Archana N., Mahajan},
    volume = {5},
    number = {11},
    year = {2020},
    publisher = {International Journal of Innovative Science and Research Technology},
    issn = {2456-2165}
}

@article{holzmann,
    author={Holzmann, Gerard J.},
    journal={IEEE Software}, 
    title={Software Components}, 
    year={2018},
    volume={35},
    number={3},
    pages={80-82},
    doi={10.1109/MS.2018.2141034}
}

@article{flux2,
    author = {Dimovska, Milena and Trajkovik, Vladimir},
    title = {Towards Dynamic Cross-Platform Component-Driven Applications with Girders Elements Framework},
    year = {2017},
    isbn = {9781450352857},
    doi = {10.1145/3136273.3136300},
    publisher = {Association for Computing Machinery},
    articleno = {6},
    series = {BCI '17}
}

@article{discussion,
    author = {Hunt, Pete and O'Shannessy, Paul and Smith, Dave and Coatta, Terry},
    title = {React: Facebook’s Functional Turn on Writing JavaScript: A Discussion with Pete Hunt, Paul O’Shannessy, Dave Smith and Terry Coatta},
    year = {2016},
    publisher = {Association for Computing Machinery},
    volume = {14},
    number = {4},
    issn = {1542-7730},
    doi = {10.1145/2984629.2994373},
    month = {aug},
    pages = {96–112},
    numpages = {17}
}

@article{userexperience,
    author = {Bertino, Nic and Corrales, Andrew and Chen, Allan},
    title = {Crafting Great User Experiences},
    year = {2012},
    isbn = {9781450314947},
    publisher = {Association for Computing Machinery},
    doi = {10.1145/2382456.2382504},
    booktitle = {Proceedings of the 40th Annual ACM SIGUCCS Conference on User Services},
    pages = {193–198},
    numpages = {6},
    series = {SIGUCCS '12}
}


%%
%% Other
%%

@online{stackoverflowsurvey,
    title = {Developer Survey},
    author = {{Stack Overflow}},
    url = "https://insights.stackoverflow.com/survey/2021#technology-most-popular-technologies",
    year = "2021",
    addendum = "(viitattu: 03.03.2022)"
}

@online{twilio,
    title = {Understanding Functional Components vs. Class Components in React},
    author = {Yamazaki, Shiori},
    url = "https://www.twilio.com/blog/react-choose-functional-components",
    year = "2020",
    addendum = "(viitattu: 17.03.2022)"
}

@online{kentcdodds1,
    title = {Application State Management with React},
    author = {Dodds, Kent C.},
    url = "https://kentcdodds.com/blog/application-state-management-with-react",
    year = {2020},
    addendum = "(viitattu: 17.03.2022)"
}

@online{kentcdodds2,
    title = {Prop Drilling},
    author = {Dodds, Kent C.},
    url = "https://kentcdodds.com/blog/prop-drilling",
    year = {2018},
    addendum = "(viitattu: 17.03.2022)"
}

@online{ivakop,
    title = {How to choose the right React state management solution},
    author = {Kop, Iva},
    url = "https://blog.logrocket.com/how-to-choose-the-right-react-state-management-solution/",
    year = {2021},
    addendum = "(viitattu: 17.03.2022)"
}

@online{dry1,
    title = {Software Design Principles DRY and KISS},
    author = {Baghel, Arvind Singh},
    url = "https://dzone.com/articles/software-design-principles-dry-and-kiss",
    year = {2018},
    addendum = "(viitattu: 05.04.2022)"
}

@online{facebookflux,
    title={In-Depth Overview},
    url={https://facebook.github.io/flux/docs/in-depth-overview/},
    year={2019},
    addendum = "(viitattu: 9.4.2022)"
}

@online{reduxdocsstore,
    author={{Dan Abramov and the Redux documentation authors}},
    title={Store},
    url={https://redux.js.org/api/store},
    year={2021},
    addendum = "(viitattu: 24.4.2022)"
}

@online{reduxdocsmiddleware,
    author={{Dan Abramov and the Redux documentation authors}},
    title={Middleware},
    url={https://redux.js.org/understanding/history-and-design/middleware},
    year={2021},
    addendum = "(viitattu: 24.4.2022)"
}

@online{ngrx,
    author={{NgRx}},
    title={Reactive State for Angular},
    url={https://ngrx.io/},
    year={2022},
    addendum = "(viitattu: 26.4.2022)"
}

@online{pinia,
    author={{Eduardo San Martin Morote}},
    title={Introduction},
    url={https://pinia.vuejs.org/introduction.html},
    year={2022},
    addendum = "(viitattu: 26.4.2022)"
}

@online{reducer,
    author={{Dmitri Pavlutin}},
    title={An Easy Guide to React useReducer() Hook},
    url={https://dmitripavlutin.com/react-usereducer/},
    year={2021},
    addendum = "(viitattu: 5.5.2022)"
}